

<record>
  <leader>00738nam a2200217   4500</leader>
  <controlfield tag="001">BIBLIOPAC-010318</controlfield>
  <controlfield tag="005">20161123142844.0</controlfield>
  <controlfield tag="008">140331s2014    bl     f     0000 0 spa  </controlfield>
  <datafield tag="082" ind1="1" ind2=" ">
    <subfield code="a">121.6</subfield>
  </datafield>
  <datafield tag="090" ind1=" " ind2=" ">
    <subfield code="a">121.6</subfield>
    <subfield code="b">B512e</subfield>
  </datafield>
  <datafield tag="100" ind1="1" ind2=" ">
    <subfield code="a">Berkeley, George</subfield>
  </datafield>
  <datafield tag="245" ind1="1" ind2="0">
    <subfield code="a">Ensayo sobre una nueva teoria de la vision y tratado sobre los principios del conocimiento humano /  </subfield>
    <subfield code="c">George Berkeley ; tradução Felipe Gonzalez Vicen.</subfield>
  </datafield>
  <datafield tag="260" ind1=" " ind2=" ">
    <subfield code="a">Buenos Aires : </subfield>
    <subfield code="b">Espasa Calpe, </subfield>
    <subfield code="c">1948.</subfield>
  </datafield>
  <datafield tag="300" ind1=" " ind2=" ">
    <subfield code="a">231p. : </subfield>
    <subfield code="b">il.</subfield>
  </datafield>
  <datafield tag="490" ind1="0" ind2=" ">
    <subfield code="a">Historia y filosofia de la ciencia</subfield>
  </datafield>
  <datafield tag="505" ind1=" " ind2="0">
    <subfield code="a">Inclui índice.</subfield>
  </datafield>
  <datafield tag="650" ind1=" " ind2="4">
    <subfield code="a"> Tratado</subfield>
    <subfield code="x">Conhecimento humano.</subfield>
  </datafield>
  <datafield tag="650" ind1=" " ind2="4">
    <subfield code="a">Refutação de Locke.</subfield>
  </datafield>
  <datafield tag="700" ind1="1" ind2=" ">
    <subfield code="a">Vicen, Felipe Gonzalez, trad.</subfield>
  </datafield>
  <datafield tag="942" ind1=" " ind2=" ">
    <subfield code="c">L</subfield>
  </datafield>
  <datafield tag="999" ind1=" " ind2=" ">
    <subfield code="c">17028</subfield>
    <subfield code="d">17028</subfield>
  </datafield>
  <datafield tag="952" ind1=" " ind2=" ">
    <subfield code="0">0</subfield>
    <subfield code="1">0</subfield>
    <subfield code="4">0</subfield>
    <subfield code="6">121_600000000000000_B512E</subfield>
    <subfield code="7">1</subfield>
    <subfield code="8">G</subfield>
    <subfield code="9">23152</subfield>
    <subfield code="a">sdin</subfield>
    <subfield code="b">sdin</subfield>
    <subfield code="d">2016-11-23</subfield>
    <subfield code="l">0</subfield>
    <subfield code="o">121.6 B512e</subfield>
    <subfield code="p">70-0241</subfield>
    <subfield code="r">2016-11-23</subfield>
    <subfield code="w">2016-11-23</subfield>
    <subfield code="y">L</subfield>
  </datafield>
</record>