

<record>
  <leader>00663nam a2200229   4500</leader>
  <controlfield tag="001">BIBLIOPAC-010368</controlfield>
  <controlfield tag="003">Br</controlfield>
  <controlfield tag="005">20161123142853.0</controlfield>
  <controlfield tag="008">161121 1s1975    bl     f      000 0 por d</controlfield>
  <datafield tag="082" ind1="0" ind2=" ">
    <subfield code="a">142.7</subfield>
  </datafield>
  <datafield tag="090" ind1=" " ind2=" ">
    <subfield code="a">142.7</subfield>
    <subfield code="b">G472h</subfield>
  </datafield>
  <datafield tag="092" ind1=" " ind2=" ">
    <subfield code="a">I-70,5,2-3</subfield>
  </datafield>
  <datafield tag="100" ind1="0" ind2=" ">
    <subfield code="a">Giles, Thomas Ransom, 1937-</subfield>
  </datafield>
  <datafield tag="245" ind1="0" ind2="0">
    <subfield code="a">História do existencialismo e da fenomenologia / </subfield>
    <subfield code="c">Thomas Ransom Giles.</subfield>
  </datafield>
  <datafield tag="260" ind1=" " ind2=" ">
    <subfield code="a">São Paulo: </subfield>
    <subfield code="b">EDUSP, </subfield>
    <subfield code="c">1975. </subfield>
  </datafield>
  <datafield tag="300" ind1=" " ind2=" ">
    <subfield code="a">302p. :  </subfield>
    <subfield code="b">il.</subfield>
  </datafield>
  <datafield tag="590" ind1=" " ind2=" ">
    <subfield code="a">Registro bibliográfico não revisado.</subfield>
  </datafield>
  <datafield tag="650" ind1=" " ind2="4">
    <subfield code="a">Existecialismo.</subfield>
  </datafield>
  <datafield tag="650" ind1=" " ind2="4">
    <subfield code="a">Filosofia moderna</subfield>
    <subfield code="y">Século 20</subfield>
    <subfield code="x">História.</subfield>
  </datafield>
  <datafield tag="852" ind1=" " ind2=" ">
    <subfield code="a">Obras Gerais</subfield>
  </datafield>
  <datafield tag="942" ind1=" " ind2=" ">
    <subfield code="c">L</subfield>
  </datafield>
  <datafield tag="999" ind1=" " ind2=" ">
    <subfield code="c">17078</subfield>
    <subfield code="d">17078</subfield>
  </datafield>
  <datafield tag="952" ind1=" " ind2=" ">
    <subfield code="0">0</subfield>
    <subfield code="1">0</subfield>
    <subfield code="4">0</subfield>
    <subfield code="6">142_700000000000000_G472H</subfield>
    <subfield code="7">1</subfield>
    <subfield code="8">G</subfield>
    <subfield code="9">23221</subfield>
    <subfield code="a">sdin</subfield>
    <subfield code="b">sdin</subfield>
    <subfield code="d">0000-00-00</subfield>
    <subfield code="l">0</subfield>
    <subfield code="o">142.7 G472h</subfield>
    <subfield code="p">76-0544</subfield>
    <subfield code="r">2016-11-23</subfield>
    <subfield code="w">2016-11-23</subfield>
    <subfield code="y">L</subfield>
  </datafield>
</record>