

<record>
  <leader>00693nam a2200229   4500</leader>
  <controlfield tag="001">BIBLIOPAC-010411</controlfield>
  <controlfield tag="005">20161123142857.0</controlfield>
  <controlfield tag="008">140415s2014    bl     f     0000 0 spa  </controlfield>
  <datafield tag="082" ind1="1" ind2=" ">
    <subfield code="a">146.3</subfield>
  </datafield>
  <datafield tag="090" ind1=" " ind2=" ">
    <subfield code="a">146.3</subfield>
    <subfield code="b">M392m</subfield>
  </datafield>
  <datafield tag="100" ind1="1" ind2=" ">
    <subfield code="a">Marx, Karl.</subfield>
  </datafield>
  <datafield tag="245" ind1="1" ind2="0">
    <subfield code="a">Miseria de la filosofia: </subfield>
    <subfield code="b">respuesta a la filosofia de la miseria del señor Proudhon / </subfield>
    <subfield code="c">Karl Marx.</subfield>
  </datafield>
  <datafield tag="250" ind1=" " ind2=" ">
    <subfield code="a">3. ed. </subfield>
  </datafield>
  <datafield tag="260" ind1=" " ind2=" ">
    <subfield code="a">Buenos Aires: </subfield>
    <subfield code="b">Siglo Veintinuno Argentina, </subfield>
    <subfield code="c">1974.</subfield>
  </datafield>
  <datafield tag="300" ind1=" " ind2=" ">
    <subfield code="a">210p. : </subfield>
    <subfield code="b">il.</subfield>
  </datafield>
  <datafield tag="490" ind1="0" ind2=" ">
    <subfield code="a">Pensamento fundamental.</subfield>
  </datafield>
  <datafield tag="505" ind1=" " ind2="0">
    <subfield code="a">Inclui índice.</subfield>
  </datafield>
  <datafield tag="650" ind1=" " ind2="4">
    <subfield code="a">Descobrimento</subfield>
    <subfield code="x">Científico.</subfield>
  </datafield>
  <datafield tag="650" ind1=" " ind2="4">
    <subfield code="a">Metafísica</subfield>
    <subfield code="x">Economia Política.</subfield>
  </datafield>
  <datafield tag="650" ind1=" " ind2="4">
    <subfield code="a">Proudhon.</subfield>
  </datafield>
  <datafield tag="942" ind1=" " ind2=" ">
    <subfield code="c">L</subfield>
  </datafield>
  <datafield tag="999" ind1=" " ind2=" ">
    <subfield code="c">17121</subfield>
    <subfield code="d">17121</subfield>
  </datafield>
  <datafield tag="952" ind1=" " ind2=" ">
    <subfield code="0">0</subfield>
    <subfield code="1">0</subfield>
    <subfield code="4">0</subfield>
    <subfield code="6">146_300000000000000_M392M</subfield>
    <subfield code="7">1</subfield>
    <subfield code="8">G</subfield>
    <subfield code="9">23265</subfield>
    <subfield code="a">sdin</subfield>
    <subfield code="b">sdin</subfield>
    <subfield code="d">2016-11-23</subfield>
    <subfield code="l">0</subfield>
    <subfield code="o">146.3 M392m</subfield>
    <subfield code="p">79-1929</subfield>
    <subfield code="r">2016-11-23</subfield>
    <subfield code="w">2016-11-23</subfield>
    <subfield code="y">L</subfield>
  </datafield>
</record>