

<record>
  <leader>00880nam a2200265   4500</leader>
  <controlfield tag="001">BIBLIOPAC-010362</controlfield>
  <controlfield tag="003">Br</controlfield>
  <controlfield tag="005">20161123142852.0</controlfield>
  <controlfield tag="008">850920n19741973bspa          000 0 por u</controlfield>
  <datafield tag="082" ind1="0" ind2="4">
    <subfield code="a">150</subfield>
  </datafield>
  <datafield tag="090" ind1=" " ind2=" ">
    <subfield code="a">150</subfield>
    <subfield code="b">H174m</subfield>
  </datafield>
  <datafield tag="092" ind1=" " ind2=" ">
    <subfield code="a">VI-226,4,37</subfield>
    <subfield code="d">F</subfield>
  </datafield>
  <datafield tag="100" ind1="1" ind2=" ">
    <subfield code="a">Hall, R. Vance</subfield>
  </datafield>
  <datafield tag="240" ind1="0" ind2="0">
    <subfield code="a">Behavior modification : the measurement of behavior.</subfield>
    <subfield code="l">Português</subfield>
  </datafield>
  <datafield tag="245" ind1="1" ind2="0">
    <subfield code="a">Manipulação de comportamento : modificação do comportamento / </subfield>
    <subfield code="c">R. Vance Hall ; tradução de Waldir Bettoi.</subfield>
  </datafield>
  <datafield tag="260" ind1=" " ind2=" ">
    <subfield code="a">São Paulo : </subfield>
    <subfield code="b">Edusp, </subfield>
    <subfield code="c">1974.</subfield>
  </datafield>
  <datafield tag="300" ind1=" " ind2=" ">
    <subfield code="a">46p. : </subfield>
    <subfield code="b">il. </subfield>
  </datafield>
  <datafield tag="490" ind1=" " ind2=" ">
    <subfield code="a">(Manipulação de comportamento</subfield>
    <subfield code="v">1)</subfield>
  </datafield>
  <datafield tag="500" ind1=" " ind2=" ">
    <subfield code="a">Tradução de: Behavior modification : the measurement of behavior.</subfield>
  </datafield>
  <datafield tag="504" ind1=" " ind2=" ">
    <subfield code="a">Inclui bibliografia.</subfield>
  </datafield>
  <datafield tag="650" ind1=" " ind2=" ">
    <subfield code="a">Comportamento</subfield>
    <subfield code="x">Modificação.</subfield>
  </datafield>
  <datafield tag="700" ind1="1" ind2=" ">
    <subfield code="a">Bettoi, Waldir, trad.</subfield>
  </datafield>
  <datafield tag="852" ind1=" " ind2=" ">
    <subfield code="a">Obras Gerais</subfield>
  </datafield>
  <datafield tag="942" ind1=" " ind2=" ">
    <subfield code="c">L</subfield>
  </datafield>
  <datafield tag="999" ind1=" " ind2=" ">
    <subfield code="c">17072</subfield>
    <subfield code="d">17072</subfield>
  </datafield>
  <datafield tag="952" ind1=" " ind2=" ">
    <subfield code="0">0</subfield>
    <subfield code="1">0</subfield>
    <subfield code="4">0</subfield>
    <subfield code="6">150_000000000000000_H174M</subfield>
    <subfield code="7">1</subfield>
    <subfield code="8">G</subfield>
    <subfield code="9">23210</subfield>
    <subfield code="a">sdin</subfield>
    <subfield code="b">sdin</subfield>
    <subfield code="d">0000-00-00</subfield>
    <subfield code="l">0</subfield>
    <subfield code="n">0</subfield>
    <subfield code="o">150 H174m</subfield>
    <subfield code="p">76-0831</subfield>
    <subfield code="r">2016-11-23</subfield>
    <subfield code="w">2016-11-23</subfield>
    <subfield code="y">L</subfield>
  </datafield>
  <datafield tag="952" ind1=" " ind2=" ">
    <subfield code="0">0</subfield>
    <subfield code="1">0</subfield>
    <subfield code="4">0</subfield>
    <subfield code="6">150_000000000000000_H174M</subfield>
    <subfield code="7">0</subfield>
    <subfield code="8">G</subfield>
    <subfield code="9">23211</subfield>
    <subfield code="a">sdin</subfield>
    <subfield code="b">sdin</subfield>
    <subfield code="d">0000-00-00</subfield>
    <subfield code="j">0</subfield>
    <subfield code="l">0</subfield>
    <subfield code="n">0</subfield>
    <subfield code="o">150 H174m</subfield>
    <subfield code="p">76-0832</subfield>
    <subfield code="r">2016-11-23</subfield>
    <subfield code="w">2016-11-23</subfield>
    <subfield code="y">L</subfield>
  </datafield>
  <datafield tag="952" ind1=" " ind2=" ">
    <subfield code="0">0</subfield>
    <subfield code="1">0</subfield>
    <subfield code="4">0</subfield>
    <subfield code="6">150_000000000000000_H174M</subfield>
    <subfield code="7">1</subfield>
    <subfield code="8">G</subfield>
    <subfield code="9">23212</subfield>
    <subfield code="a">sdin</subfield>
    <subfield code="b">sdin</subfield>
    <subfield code="d">0000-00-00</subfield>
    <subfield code="l">0</subfield>
    <subfield code="n">0</subfield>
    <subfield code="o">150 H174m</subfield>
    <subfield code="p">76-0833</subfield>
    <subfield code="r">2016-11-23</subfield>
    <subfield code="w">2016-11-23</subfield>
    <subfield code="y">L</subfield>
  </datafield>
  <datafield tag="952" ind1=" " ind2=" ">
    <subfield code="0">0</subfield>
    <subfield code="1">0</subfield>
    <subfield code="4">0</subfield>
    <subfield code="6">150_000000000000000_H174M</subfield>
    <subfield code="7">0</subfield>
    <subfield code="8">G</subfield>
    <subfield code="9">23213</subfield>
    <subfield code="a">sdin</subfield>
    <subfield code="b">sdin</subfield>
    <subfield code="d">0000-00-00</subfield>
    <subfield code="j">0</subfield>
    <subfield code="l">0</subfield>
    <subfield code="n">0</subfield>
    <subfield code="o">150 H174m</subfield>
    <subfield code="p">76-0834</subfield>
    <subfield code="r">2016-11-23</subfield>
    <subfield code="w">2016-11-23</subfield>
    <subfield code="y">L</subfield>
  </datafield>
  <datafield tag="952" ind1=" " ind2=" ">
    <subfield code="0">0</subfield>
    <subfield code="1">0</subfield>
    <subfield code="4">0</subfield>
    <subfield code="6">150_000000000000000_H174M</subfield>
    <subfield code="7">1</subfield>
    <subfield code="8">G</subfield>
    <subfield code="9">23214</subfield>
    <subfield code="a">sdin</subfield>
    <subfield code="b">sdin</subfield>
    <subfield code="d">0000-00-00</subfield>
    <subfield code="l">0</subfield>
    <subfield code="n">0</subfield>
    <subfield code="o">150 H174m</subfield>
    <subfield code="p">76-0836</subfield>
    <subfield code="r">2016-11-23</subfield>
    <subfield code="w">2016-11-23</subfield>
    <subfield code="y">L</subfield>
  </datafield>
  <datafield tag="952" ind1=" " ind2=" ">
    <subfield code="0">0</subfield>
    <subfield code="1">0</subfield>
    <subfield code="4">0</subfield>
    <subfield code="6">150_000000000000000_H174M</subfield>
    <subfield code="7">0</subfield>
    <subfield code="8">G</subfield>
    <subfield code="9">23215</subfield>
    <subfield code="a">sdin</subfield>
    <subfield code="b">sdin</subfield>
    <subfield code="d">0000-00-00</subfield>
    <subfield code="j">0</subfield>
    <subfield code="l">0</subfield>
    <subfield code="n">0</subfield>
    <subfield code="o">150 H174m</subfield>
    <subfield code="p">76-0835</subfield>
    <subfield code="r">2016-11-23</subfield>
    <subfield code="w">2016-11-23</subfield>
    <subfield code="y">L</subfield>
  </datafield>
</record>